<?xml version="1.0" encoding="UTF-8"?><collection xmlns="http://www.loc.gov/MARC21/slim"><record><leader>00591nam--2200193-i-4500</leader><controlfield tag="001">000036282</controlfield><controlfield tag="002">20161230</controlfield><controlfield tag="005">20161230201040</controlfield><controlfield tag="008">060222s1000------------r-----000-0-rus-d</controlfield><datafield ind1=" " ind2=" " tag="040"><subfield code="a">IFIN-HH</subfield></datafield><datafield ind1=" " ind2=" " tag="041"><subfield code="a">rus</subfield></datafield><datafield ind1=" " ind2=" " tag="080"><subfield code="a">537.122:539.12</subfield></datafield><datafield ind1="1" ind2=" " tag="100"><subfield code="a">Lorentz, H.A</subfield></datafield><datafield ind1="1" ind2="0" tag="245"><subfield code="a">Teoria elektronov i ee primenenie k iavleniiam sveta i teplovogo izluceniia</subfield><subfield code="c">H.a. lorentz</subfield></datafield><datafield ind1=" " ind2=" " tag="260"><subfield code="a">Moskva</subfield><subfield code="b">Tehniko-teoreticeskoi Literaturi</subfield><subfield code="c">1956</subfield></datafield><datafield ind1=" " ind2=" " tag="300"><subfield code="a">471P</subfield></datafield><datafield ind1=" " ind2=" " tag="490"><subfield code="a">Klassiki Estestvoznaniia: Matematika Mehanika Fizika Astronomia</subfield></datafield><datafield ind1=" " ind2=" " tag="852"><subfield code="a">4207</subfield><subfield code="c">537:538</subfield></datafield><datafield ind1=" " ind2=" " tag="CAT"><subfield code="a">Sys</subfield><subfield code="c">20110607</subfield><subfield code="h">144914</subfield></datafield></record></collection>